
@article{lejerskog2015,
	title = {Experimental results on power absorption from a wave energy converter at the Lysekil wave energy research site},
	author = {Lejerskog, Erik and {Bostr√∂m}, Cecilia and Hai, Ling and Waters, Rafael and Leijon, Mats},
	year = {2015},
	month = {05},
	date = {2015-05},
	journal = {Renewable Energy},
	pages = {9--14},
	volume = {77},
	doi = {10.1016/j.renene.2014.11.050},
	url = {http://dx.doi.org/10.1016/j.renene.2014.11.050},
	langid = {en}
}

@article{defalco2015,
	title = {Sorted bedforms over transgressive deposits along the continental shelf of western Sardinia (Mediterranean Sea)},
	author = {De Falco, Giovanni and Budillon, Francesca and Conforti, Alessandro and Di Bitetto, Massimiliano and Di Martino, Gabriella and Innangi, Sara and Simeone, Simone and Tonielli, Renato},
	year = {2015},
	month = {01},
	date = {2015-01},
	journal = {Marine Geology},
	pages = {75--88},
	volume = {359},
	doi = {10.1016/j.margeo.2014.11.008},
	url = {http://dx.doi.org/10.1016/j.margeo.2014.11.008},
	langid = {en}
}

@article{vicinanza2013,
	title = {Wave energy potential in the north-west of Sardinia (Italy)},
	author = {Vicinanza, D. and Contestabile, P. and Ferrante, V.},
	year = {2013},
	month = {02},
	date = {2013-02},
	journal = {Renewable Energy},
	pages = {506--521},
	volume = {50},
	doi = {10.1016/j.renene.2012.07.015},
	url = {http://dx.doi.org/10.1016/j.renene.2012.07.015},
	langid = {en}
}

@article{defalco2015a,
	title = {Sorted bedforms over transgressive deposits along the continental shelf of western Sardinia (Mediterranean Sea)},
	author = {De Falco, Giovanni and Budillon, Francesca and Conforti, Alessandro and Di Bitetto, Massimiliano and Di Martino, Gabriella and Innangi, Sara and Simeone, Simone and Tonielli, Renato},
	year = {2015},
	month = {01},
	date = {2015-01},
	journal = {Marine Geology},
	pages = {75--88},
	volume = {359},
	doi = {10.1016/j.margeo.2014.11.008},
	url = {http://dx.doi.org/10.1016/j.margeo.2014.11.008},
	langid = {en}
}

@article{liu2022,
	title = {A study of a flux switching linear generator with a novel speed amplified mechanism and its optimization for the maximum power output and minimum cogging force of wave energy conversion},
	author = {Liu, Zhenwei and Xiao, Han and Khatri, Pooja and Ding, Songlin and Wang, Xu},
	year = {2022},
	month = {03},
	date = {2022-03},
	journal = {Mechanical Systems and Signal Processing},
	pages = {108413},
	volume = {166},
	doi = {10.1016/j.ymssp.2021.108413},
	url = {http://dx.doi.org/10.1016/j.ymssp.2021.108413},
	langid = {en}
}
